
% This is an example of a string: this is the way you do variables in BiBTex
% @string{variable_name="string the variable_name refers to"}
@string{aij= "Artificial Intelligence"}


@article{Bilder200930,
title = "Phenomics: the systematic study of phenotypes on a genome-wide scale",
journal = "Neuroscience",
volume = "164",
number = "1",
pages = "30 - 42",
year = "2009",
note = "Linking Genes to Brain Function in Health and Disease",
issn = "0306-4522",
doi = "10.1016/j.neuroscience.2009.01.027",
url = "http://www.sciencedirect.com/science/article/pii/S0306452209000487",
author = "R.M. Bilder and F.W. Sabb and T.D. Cannon and E.D. London and J.D. Jentsch and D. Stott Parker and R.A. Poldrack and C. Evans and N.B. Freimer",
keywords = "phenotype",
keywords = "genetics",
keywords = "genomics",
keywords = "informatics",
keywords = "cognition",
keywords = "psychiatry",
annote={This paper explores and defines the discpline of phenomics from the perspective of neuroscience, medicine, and in relation to the human genonome. It provides a useful overview of the subject, whilst going into detail of its applications within areas not touched upon in this project.}
}

@article{Furbank2011635,
title = {Phenomics - technologies to relieve the phenotyping bottleneck},
journal = "Trends in Plant Science",
volume = "16",
number = "12",
pages = "635 - 644",
year = "2011",
note = "",
issn = "1360-1385",
doi = "10.1016/j.tplants.2011.09.005",
url = "http://www.sciencedirect.com/science/article/pii/S1360138511002093",
author = "Robert T. Furbank and Mark Tester",
annote = {This paper explores phenomics as applied to plant phenomics, and its role in tackling food security concerns through including crop yield.}
}

@proceedings{WFS1996,
title = {Rome Declaration on World Food Security},
year = {1996},
organization = {{FAO}},
note = {World Food Summit 13-17 November 1996, Rome},
url = {http://www.fao.org/docrep/003/w3613e/w3613e00.htm},
annote= {This Declaration outlines one of the principle definitions of Food Security, primarily in the context of availability to individuals.}
}

@article{DeVylder01112012,
author = {De Vylder, Jonas and Vandenbussche, Filip and Hu, Yuming and Philips, Wilfried and Van Der Straeten, Dominique}, 
title = {Rosette Tracker: An Open Source Image Analysis Tool for Automatic Quantification of Genotype Effects},
volume = {160}, 
number = {3}, 
pages = {1149-1159}, 
year = {2012}, 
doi = {10.1104/pp.112.202762}, 
URL = {http://www.plantphysiol.org/content/160/3/1149.abstract}, 
eprint = {http://www.plantphysiol.org/content/160/3/1149.full.pdf+html}, 
journal = {Plant Physiology},
annote = {This paper explores image analysis as a nondestructive method for studying plant growth in Arabidopsis, and presents ``Rosette Tracker", which is an open source tool designed to work on both high-throughout and small-scale and low-tech phenomic projects. It looks at reasons for such methods, and outlines clear procedures of a method for plant detection through the use of hue modelling, segmentation, and connected component detection.}
}

@article{AGI2000,
author = {{The Arabidopsis Genome Iniative}},
title = {Analysis of the genome sequence of the flowering plant Arabidopsis Thaliana},
journal = {Nature},
volume = {408},
pages = {796-815},
year = {2000},
doi = {10.1038/35048692},
URL = {http://www.nature.com/nature/journal/v408/n6814/full/408796a0.html},
eprint = {http://www.nature.com/nature/journal/v408/n6814/full/408796a0.html},
annote = {This paper reports the work of the Arabidopsis Genome Initiative in analysis the genome sequence of Arabidopsis, indicating it to be the first time a complete genome sequence of a plant has been presented, and its applications in crop improvement.}
}

@article{IBERSnppc,
author = {{Institute of Biological, Environmental, and Rural Sciences; Aberystwyth University}},
title = {National Plant Phenomics Centre - accelerating plant improvement},
URL = {http://www.aber.ac.uk/en/media/Example-of-Research---National-Plant-Phenomics-Centre.pdf},
eprint = {http://www.aber.ac.uk/en/media/Example-of-Research---National-Plant-Phenomics-Centre.pdf},
annote = {An article published by IBERS which outlines the NPPC project, its uses, and the
 wider context surrounding its work.}
}

@online{OpenCV,
author = {OpenCV},
title = {OpenCV wiki},
url = {http://opencv.willowgarage.com/wiki/},
annote = {OpenCV homepage, which outlines details of what the library does, and statistics on usage and contents.}
}
